<?xml version="1.0" encoding="UTF-8" ?><marc:collection xmlns:marc="http://www.loc.gov/MARC21/slim" xmlns:xsi="http://www.w3.org/2001/XMLSchema-instance" xsi:schemaLocation="http://www.loc.gov/MARC21/slim http://www.loc.gov/standards/marcxml/schema/MARC21slim.xsd">
<marc:record><marc:leader>02909cam a2200469Ii 4500</marc:leader>
<marc:controlfield tag="001">b12958669</marc:controlfield>
<marc:controlfield tag="003">UaCaAUL</marc:controlfield><marc:controlfield tag="005">20161023100703.0</marc:controlfield><marc:controlfield tag="008">910320s1928    sy            000 0 ara d</marc:controlfield><marc:datafield tag="035" ind1=" " ind2=" "><marc:subfield code="a">(OCoLC)23272427</marc:subfield></marc:datafield><marc:datafield tag="040" ind1=" " ind2=" "><marc:subfield code="a">CLE</marc:subfield><marc:subfield code="b">eng</marc:subfield><marc:subfield code="e">rda</marc:subfield><marc:subfield code="c">CLE</marc:subfield><marc:subfield code="d">OCL</marc:subfield><marc:subfield code="d">OCLCG</marc:subfield><marc:subfield code="d">OCLCQ</marc:subfield><marc:subfield code="d">OCLCA</marc:subfield><marc:subfield code="d">OCLCQ</marc:subfield><marc:subfield code="d">OCLCF</marc:subfield><marc:subfield code="d">OCLCO</marc:subfield><marc:subfield code="d">MEAUC</marc:subfield></marc:datafield><marc:datafield tag="049" ind1=" " ind2=" "><marc:subfield code="a">MAIN</marc:subfield></marc:datafield><marc:datafield tag="050" ind1="1" ind2=" "><marc:subfield code="a">BJ1291</marc:subfield><marc:subfield code="b">.I2342 1928</marc:subfield></marc:datafield><marc:datafield tag="066" ind1=" " ind2=" "><marc:subfield code="c">(3</marc:subfield></marc:datafield><marc:datafield tag="090" ind1=" " ind2=" "><marc:subfield code="a">BJ1291</marc:subfield><marc:subfield code="b">.I2342 1928</marc:subfield></marc:datafield><marc:datafield tag="100" ind1="1" ind2=" "><marc:subfield code="6">880-01</marc:subfield><marc:subfield code="a">Ibn al-Jawzī, Abū al-Faraj ʻAbd al-Raḥmān ibn ʻAlī,</marc:subfield><marc:subfield code="d">approximately 1116-1201.</marc:subfield></marc:datafield><marc:datafield tag="240" ind1="1" ind2="0"><marc:subfield code="6">880-02</marc:subfield><marc:subfield code="a">Minhāj al-qāṣidīn.</marc:subfield></marc:datafield><marc:datafield tag="245" ind1="1" ind2="0"><marc:subfield code="6">880-03</marc:subfield><marc:subfield code="a">Mukhtaṣar Minhāj al-qāṣidīn /</marc:subfield><marc:subfield code="c">taʼlīf Abī al-Faraj ʻAbd al-Raḥmān ibn al-Jawzī al-Ḥanbalī al-mutawffa ́sanat 597 H. ; ikhtiṣār Najm al-Dīn Abī al-ʻAbbās Aḥmad ibn Muḥammad ibn ʻAbd al-Raḥmān ibn Abī al-Shaykh Abī ʻUmar ibn Qudāmah al-Maqdisī al-Ḥanbalī ; ʻuniya bi-taṣḥīḥihi wa-nashrihi Muḥammad Aḥmad Duhmān.</marc:subfield></marc:datafield><marc:datafield tag="264" ind1=" " ind2="1"><marc:subfield code="6">880-04</marc:subfield><marc:subfield code="a">Dimashq :</marc:subfield><marc:subfield code="b">Muḥammad Aḥmad Duhmān,</marc:subfield><marc:subfield code="c">1347 H. [1928]</marc:subfield></marc:datafield><marc:datafield tag="264" ind1=" " ind2="2"><marc:subfield code="6">880-05</marc:subfield><marc:subfield code="a">Dimashq :</marc:subfield><marc:subfield code="b">Mṭbaʻat ibn Zaydūn bi-Dimashq,</marc:subfield><marc:subfield code="c">1347 H. [1928]</marc:subfield></marc:datafield><marc:datafield tag="300" ind1=" " ind2=" "><marc:subfield code="a">451 pages ;</marc:subfield><marc:subfield code="c">23 cm.</marc:subfield></marc:datafield><marc:datafield tag="336" ind1=" " ind2=" "><marc:subfield code="a">text</marc:subfield><marc:subfield code="b">txt</marc:subfield><marc:subfield code="2">rdacontent.</marc:subfield></marc:datafield><marc:datafield tag="337" ind1=" " ind2=" "><marc:subfield code="a">unmediated</marc:subfield><marc:subfield code="b">n</marc:subfield><marc:subfield code="2">rdamedia.</marc:subfield></marc:datafield><marc:datafield tag="338" ind1=" " ind2=" "><marc:subfield code="a">volume</marc:subfield><marc:subfield code="b">nc</marc:subfield><marc:subfield code="2">rdacarrier.</marc:subfield></marc:datafield><marc:datafield tag="500" ind1=" " ind2=" "><marc:subfield code="a">&quot;Ṣuḥḥiḥa ʻalá thalāth nusakh khaṭṭīyah.&quot;</marc:subfield></marc:datafield><marc:datafield tag="500" ind1=" " ind2=" "><marc:subfield code="a">An abridgement of Ibn al-Jawzī's Minhāj al-qāṣidīn, itself based on al-Ghazzālī's Iḥyāʼ ʻulūm al-dīn.</marc:subfield></marc:datafield><marc:datafield tag="650" ind1=" " ind2="0"><marc:subfield code="a">Islamic ethics</marc:subfield><marc:subfield code="v">Early works to 1800.</marc:subfield></marc:datafield><marc:datafield tag="650" ind1=" " ind2="0"><marc:subfield code="a">Islam</marc:subfield><marc:subfield code="x">Doctrines</marc:subfield><marc:subfield code="v">Early works to 1800.</marc:subfield></marc:datafield><marc:datafield tag="650" ind1=" " ind2="0"><marc:subfield code="a">Religious life</marc:subfield><marc:subfield code="x">Islam</marc:subfield><marc:subfield code="v">Early works to 1800.</marc:subfield></marc:datafield><marc:datafield tag="700" ind1="1" ind2=" "><marc:subfield code="6">880-06</marc:subfield><marc:subfield code="a">Ibn Qudāmah al-Maqdisī, Aḥmad ibn ʻAbd al-Raḥmān,</marc:subfield><marc:subfield code="d">1253-1290.</marc:subfield></marc:datafield><marc:datafield tag="700" ind1="1" ind2=" "><marc:subfield code="6">880-07</marc:subfield><marc:subfield code="a">Duhmān, Muḥammad Aḥmad.</marc:subfield></marc:datafield><marc:datafield tag="880" ind1="1" ind2="0"><marc:subfield code="6">240-02/(3/r</marc:subfield><marc:subfield code="a">منهاج القاصدين.</marc:subfield></marc:datafield><marc:datafield tag="880" ind1="1" ind2=" "><marc:subfield code="6">100-01/(3/r</marc:subfield><marc:subfield code="a">بن الجوزى، ابى الفرج عبد الرحمن بن على،،</marc:subfield><marc:subfield code="d">1116 (ca)-1201.</marc:subfield></marc:datafield><marc:datafield tag="880" ind1="1" ind2="0"><marc:subfield code="6">245-03/(3/r</marc:subfield><marc:subfield code="a">مختصر منهاج القاصدين /</marc:subfield><marc:subfield code="c">تأليف ابي الفرج عبد الرحمن بن الجوزي الحنبلي المتوفي سنة 597 ه. ؛ اختصار نجم الدين ابي العباس احمد بن محمد بن عبد الرحمن بن ابي الشيخ ابي عمر بن قدامة المقدسي الحنبلي ؛ عني بتصحيحه ونشره محمد احمد دهمان..</marc:subfield></marc:datafield><marc:datafield tag="880" ind1=" " ind2="1"><marc:subfield code="6">264-04/(3/r</marc:subfield><marc:subfield code="a">دمشق :</marc:subfield><marc:subfield code="b">محمد احمد دهمان،</marc:subfield><marc:subfield code="c">1347ه. [1928]</marc:subfield></marc:datafield><marc:datafield tag="880" ind1=" " ind2="2"><marc:subfield code="6">264-05/(3/r</marc:subfield><marc:subfield code="a">دمشق :</marc:subfield><marc:subfield code="b">مطبعة بن زيدون بدمشق،</marc:subfield><marc:subfield code="c">1347ه. [1928]</marc:subfield></marc:datafield><marc:datafield tag="880" ind1="1" ind2=" "><marc:subfield code="6">245-06/(3/r</marc:subfield><marc:subfield code="a">ابن قدامة المقدسي: احمد بن عبد الرحمن:</marc:subfield><marc:subfield code="d">1253-1290.</marc:subfield></marc:datafield><marc:datafield tag="880" ind1="1" ind2=" "><marc:subfield code="6">245-07/(3/r</marc:subfield><marc:subfield code="a">دهمان: محمد احمد. .</marc:subfield></marc:datafield><marc:datafield tag="907" ind1=" " ind2=" "><marc:subfield code="a">.b12958669</marc:subfield><marc:subfield code="b">main </marc:subfield></marc:datafield><marc:datafield tag="902" ind1=" " ind2=" "><marc:subfield code="a">170207</marc:subfield></marc:datafield><marc:datafield tag="998" ind1=" " ind2=" "><marc:subfield code="b">1</marc:subfield><marc:subfield code="c">030415</marc:subfield><marc:subfield code="d">m</marc:subfield><marc:subfield code="e">a</marc:subfield><marc:subfield code="f">-</marc:subfield><marc:subfield code="g">0</marc:subfield><marc:subfield code="k">MER</marc:subfield></marc:datafield><marc:datafield tag="945" ind1=" " ind2=" "><marc:subfield code="l">main </marc:subfield></marc:datafield></marc:record>
</marc:collection>
